@online{nlsc:twd97,
  author  = {},
  title   = {重力測量,基本控制測量,測繪業務介紹,內政部國土測繪中心},
  year    = {2023},
  url     = {https://www.nlsc.gov.tw/cp.aspx?n=1484},
  urldate = {2024-05-21},
}

@book{halliday:2013,
  author    = {Halliday, David and Resnick, Robert and Walker, Jearl},
  title     = {Fundamentals of Physics},
  edition   = {10th},
  publisher = {Wiley},
  year      = {2013},
}

@book{newton:1687,
  author    = {Newton, Isaac},
  title     = {Philosophi{\ae} Naturalis Principia Mathematica},
  publisher = {Josephi Streater},
  year      = {1687},
  address   = {Londini},
}
